@online{ACM,
author = {ACM},
url = {http://dl.acm.org/},
year = {2018},
note = {acessado em: 01 de março de 2018}
}

@book{abe2002introducao,
  title={Introducao a Logica Para a Ciencia Da Computacao},
  author={Abe, J.M.},
  isbn={9788574730455},
  url={https://books.google.com.br/books?id=AgBJdjoNPwUC},
  year={2002},
  publisher={Arte \& Ci{\^e}ncia}
}

@online{ABES,
author = {Abes},
url = {http://www.abessoftware.com.br/dados-do-setor/estudo-2018--dados-2017-previa},
year = {2018},
note = {acessado em: 19 de junho de 2018}
}

@book{aho2007compilers,
  title={Compilers: principles, techniques, and tools},
  author={Aho, Alfred V and Sethi, Ravi and Ullman, Jeffrey D},
  volume={2},
  year={2007},
  publisher={Addison-wesley Reading}
}

@misc{albertoV2C,
  title={VHDL 2 C: Studio e realizzazione di una tecnica di traduzione automatica del VHDL in linguagio C},
  author={Gatti, Alberto and Ghezzi, Cristian},
  month={Julho},
  year={1995},
  Howpublished={http://web.tiscali.it/sito01/pro/v2c/main.htm}
}

@article{alur1994theory,
  title={A theory of timed automata},
  author={Alur, Rajeev and Dill, David L},
  journal={Theoretical computer science},
  volume={126},
  number={2},
  pages={183--235},
  year={1994},
  publisher={Elsevier}
}

@inproceedings{allen1970control,
  title={Control flow analysis},
  author={Allen, Frances E},
  booktitle={ACM Sigplan Notices},
  volume={5},
  number={7},
  pages={1--19},
  year={1970},
  organization={ACM}
}

@online{B.V,
author = {B.V},
url = {http://www.sciencedirect.com/},
year = {2018},
note = {Acessado em 1 de março de 2018}
}

@article{basili1994experience,
  title={Experience factory},
  author={Basili, Victor R and Caldiera, Gianluigi and Rombach, H Dieter},
  journal={Encyclopedia of software engineering},
  year={1994},
  publisher={Wiley Online Library}
}

@book{baier2008principles,
  title={Principles of model checking},
  author={Baier, Christel and Katoen, Joost-Pieter and Larsen, Kim Guldstrand},
  year={2008},
  publisher={MIT press}
}

@inproceedings{bara2010formal,
  title={Formal Verification of Timed VHDL Programs.},
  author={Bara, Abdelrezzak and Bazargan-Sabet, Pirouz and Chevallier, Remy and Ledu, Dominique and Encrenaz, Emmanuelle and Renault, Patricia},
  booktitle={FDL},
  pages={80--85},
  year={2010},
  organization={IET}
}

@article{bensalem1999automatic,
  title={Automatic generation of invariants},
  author={Bensalem, Saddek and Lakhnech, Yassine},
  journal={Formal Methods in System Design},
  volume={15},
  number={1},
  pages={75--92},
  year={1999},
  publisher={Springer}
}

@inproceedings{beyer2011cpachecker,
  title={CPAchecker: A tool for configurable software verification},
  author={Beyer, Dirk and Keremoglu, M Erkan},
  booktitle={International Conference on Computer Aided Verification},
  pages={184--190},
  year={2011},
  organization={Springer}
}

@article{biere2016aiger,
  title={The AIGER and-inverter graph (AIG) format},
  author={Biere, Armin},
  journal={Available at http://fmv.jku.at/aiger},
  year={2016}
}

@article{biere2003bounded,
  title={Bounded model checking.},
  author={Biere, Armin and Cimatti, Alessandro and Clarke, Edmund M and Strichman, Ofer and Zhu, Yunshan and others},
  journal={Advances in computers},
  volume={58},
  number={11},
  pages={117--148},
  year={2003}
}

@inproceedings{biere1999symbolic,
  title={Symbolic model checking using SAT procedures instead of BDDs},
  author={Biere, Armin and Cimatti, Alessandro and Clarke, Edmund M and Fujita, Masahiro and Zhu, Yunshan},
  booktitle={Proceedings of the 36th annual ACM/IEEE Design Automation Conference},
  pages={317--320},
  year={1999},
  organization={ACM}
}

@article{biolchini2005systematic,
  title={Systematic review in software engineering},
  author={Biolchini, Jorge and Mian, Paula Gomes and Natali, Ana Candida Cruz and Travassos, Guilherme Horta},
  journal={System Engineering and Computer Science Department COPPE/UFRJ, Technical Report ES},
  volume={679},
  number={05},
  pages={45},
  year={2005}
}

@inproceedings{blanchet2003static,
  title={A static analyzer for large safety-critical software},
  author={Blanchet, Bruno and Cousot, Patrick and Cousot, Radhia and Feret, J{\'e}rome and Mauborgne, Laurent and Min{\'e}, Antoine and Monniaux, David and Rival, Xavier},
  booktitle={ACM SIGPLAN Notices},
  volume={38},
  number={5},
  pages={196--207},
  year={2003},
  organization={ACM}
}

@inproceedings{brayton2010abc,
  title={ABC: An academic industrial-strength verification tool},
  author={Brayton, Robert and Mishchenko, Alan},
  booktitle={Computer Aided Verification},
  pages={24--40},
  year={2010},
  organization={Springer}
}

@inproceedings{boule2007efficient,
  title={Efficient automata-based assertion-checker synthesis of seres for hardware emulation},
  author={Boule, Marc and Zilic, Zeljko},
  booktitle={Proceedings of the 2007 Asia and South Pacific Design Automation Conference},
  pages={324--329},
  year={2007},
  organization={IEEE Computer Society}
}

@inproceedings{boule2005incorporating,
  title={Incorporating efficient assertion checkers into hardware emulation},
  author={Boule, Marc and Zilic, Zeljko},
  booktitle={Computer Design: VLSI in Computers and Processors, 2005. ICCD 2005. Proceedings. 2005 IEEE International Conference on},
  pages={221--228},
  year={2005},
  organization={IEEE}
}

@article{cabodi2016hardware,
  title={Hardware model checking competition 2014: an analysis and comparison of solvers and benchmarks},
  author={Cabodi, Gianpiero and Loiacono, Carmelo and Palena, Marco and Pasini, Paolo and Patti, Denis and Quer, Stefano and Vendraminetto, Danilo and Biere, Armin and Heljanko, Keijo},
  journal={Journal on Satisfiability, Boolean Modeling and Computation},
  volume={9},
  pages={135--172},
  year={2016}
}

@article{clarke1994model,
  title={Model checking and abstraction},
  author={Clarke, Edmund M and Grumberg, Orna and Long, David E},
  journal={ACM transactions on Programming Languages and Systems (TOPLAS)},
  volume={16},
  number={5},
  pages={1512--1542},
  year={1994},
  publisher={ACM}
}

@incollection{clarke2008birth,
  title={The birth of model checking},
  author={Clarke, Edmund M},
  booktitle={25 Years of Model Checking},
  pages={1--26},
  year={2008},
  publisher={Springer}
}

@inproceedings{clarke2003verification,
  title={Verification of hybrid systems based on counterexample-guided abstraction refinement},
  author={Clarke, Edmund and Fehnker, Ansgar and Han, Zhi and Krogh, Bruce and Stursberg, Olaf and Theobald, Michael},
  booktitle={TACAS},
  volume={3},
  pages={192--207},
  year={2003},
  organization={Springer}
}

@book{cappelattipraticando,
  title={Praticando VHDL},
  author={Cappelatti, D.L.T.E.A.},
  isbn={9788577171200},
  year={2010},
  url={https://books.google.com.br/books?id=z4\_CYog\_UskC},
  publisher={Editora Feevale}
}

@article{christen1999vhdl,
  title={VHDL-AMS-a hardware description language for analog and mixed-signal applications},
  author={Christen, Ernst and Bakalar, Kenneth},
  journal={IEEE Transactions on Circuits and Systems II: Analog and Digital Signal Processing},
  volume={46},
  number={10},
  pages={1263--1272},
  year={1999},
  publisher={IEEE}
}

@book{chu2006rtl,
  title={RTL hardware design using VHDL: coding for efficiency, portability, and scalability},
  author={Chu, Pong P},
  year={2006},
  publisher={John Wiley \& Sons}
}

@article{cordeiro2012smt,
  title={SMT-based bounded model checking for embedded ANSI-C software},
  author={Cordeiro, Lucas and Fischer, Bernd and Marques-Silva, Joao},
  journal={IEEE Transactions on Software Engineering},
  volume={38},
  number={4},
  pages={957--974},
  year={2012},
  publisher={IEEE}
}

@misc{cousot2010gentle,
  title={A gentle introduction to formal verification of computer systems by abstract interpretation},
  author={Cousot, Patrick and Cousot, Radhia},
  year={2010},
  publisher={IOS Press}
}

@inproceedings{cousot2002systematic,
  title={Systematic design of program transformation frameworks by abstract interpretation},
  author={Cousot, Patrick and Cousot, Radhia},
  booktitle={ACM SIGPLAN Notices},
  volume={37},
  number={1},
  pages={178--190},
  year={2002},
  organization={ACM}
}

@INPROCEEDINGS{DahanCombining, 
author={A. Dahan and D. Geist and L. Gluhovsky and D. Pidan and G. Shapir and Y. Wolfsthal and L. Benalycherif and R. Kamidem and Y. Lahbib}, 
booktitle={Sixth international symposium on quality electronic design (isqed'05)}, 
title={Combining system level modeling with assertion based verification}, 
year={2005}, 
volume={}, 
number={}, 
pages={310-315}, 
keywords={C++ language;electronic design automation;hardware description languages;integrated circuit design;integrated circuit modelling;system-on-chip;C++;RTL code;SoC;SystemC;VHDL;Verilog;assertion based verification;concurrent language constructs;hardware functional verification;system level modeling;system-on-chip;temporal assertions;Design engineering;Gas insulated transmission lines;Hardware design languages;Libraries;Microelectronics;Natural languages;Power engineering and energy;Registers;Sugar industry;Writing}, 
doi={10.1109/ISQED.2005.32}, 
ISSN={1948-3287}, 
month={March},
}

@inproceedings{di2012use,
  title={On the use of assertions for embedded-software dynamic verification},
  author={Di Guglielmo, Giuseppe and Di Guglielmo, Luigi and Fummi, Franco and Pravadelli, Graziano},
  booktitle={Design and Diagnostics of Electronic Circuits \& Systems (DDECS), 2012 IEEE 15th International Symposium on},
  pages={330--335},
  year={2012},
  organization={IEEE}
}

@article{d2008survey,
  title={A survey of automated techniques for formal software verification},
  author={D'silva, Vijay and Kroening, Daniel and Weissenbacher, Georg},
  journal={IEEE Transactions on Computer-Aided Design of Integrated Circuits and Systems},
  volume={27},
  number={7},
  pages={1165--1178},
  year={2008},
  publisher={IEEE}
}

@inproceedings{donaldson2011software,
  title={Software verification using k-induction},
  author={Donaldson, Alastair F and Haller, Leopold and Kroening, Daniel and R{\"u}mmer, Philipp},
  booktitle={International Static Analysis Symposium},
  pages={351--368},
  year={2011},
  organization={Springer}
}

@online{duolos2018,
author = {Duolos, Developing & Delivering KnowHow},
url = {https://www.doulos.com/knowhow/psl/structure_psl/},
year = {2018},
note = {Acessado em: 27 de junho de 2018}
}

@online{Elsevier,
author = {Elsevier},
url = {https://www.elsevier.com/__data/assets/pdf_file/0007/69451/0597-Scopus-Content-Coverage-Guide-US-LETTER-v4-HI-singles-no-ticks.pdf},
year = {2017},
note = {Acessado em: 01 março 2018}
}


@inproceedings{gupta1992formal,
  title={Formal hardware verification methods: A survey},
  author={Gupta, Aarti},
  booktitle={Computer-Aided Verification},
  pages={5--92},
  year={1992},
  organization={Springer}
}

@online{g1Acidente,
	author={G1},
	title={Acidente foi provocado por falha em circuito eletrônico, diz secretário},
    year={2012},
    url={http://g1.globo.com/sao-paulo/noticia/2012/05/acidente-foi-provocado-por-falha-em-circuito-eletronico-diz-secretario.html},
    urldate={2017-01-16}
}

@online{esbmc,
author = {esbmc},
title={ESBMC (Efficient SMT-Based Context-Bounded Model Checker)},
url = {http://esbmc.org/},
year = {2018},
note = {Acessado em: 16 de janeiro 2018}
}

@inproceedings{erlingsson2000sasi,
  title={SASI enforcement of security policies: A retrospective},
  author={Erlingsson, Ulfar and Schneider, Fred B},
  booktitle={DARPA Information Survivability Conference and Exposition, 2000. DISCEX'00. Proceedings},
  volume={2},
  pages={287--295},
  year={2000},
  organization={IEEE}
}

@article{halder2006,
  title={A study of petri nets modeling analysis and simulation},
  author={Halder, A and Venkateswarlu, A},
  journal={Department of Aerospace Engineering Indian Institute of Technology Kharagpur, India},
  year={2006}
}

@article{hoder2010interpolation,
  title={Interpolation and symbol elimination in vampire},
  author={Hoder, Kry{\v{s}}tof and Kov{\'a}cs, Laura and Voronkov, Andrei},
  journal={Automated Reasoning},
  pages={188--195},
  year={2010},
  publisher={Springer}
}

@article{hoder2011case,
  title={Case studies on invariant generation using a saturation theorem prover},
  author={Hoder, Kry{\v{s}}tof and Kov{\'a}cs, Laura and Voronkov, Andrei},
  journal={Advances in Artificial Intelligence},
  pages={1--15},
  year={2011},
  publisher={Springer}
}

@book{idoeta1982elementos,
  title={Elementos de eletr{\^o}nica digital},
  author={Idoeta, Ivan Valeije and Capuano, Francisco Gabriel},
  year={1982},
  publisher={Livros Erica}
}

@online{IEEE,
author = {IEEE},
url = {http://ieeexplore.ieee.org/Xplore/home.jsp},
year = {2018},
note = {Acessado em: 1 de março de 2018}
}

@article{IEEEVHDLLanguage,
journal={IEC 61691-1-1:2011(E) IEEE Std 1076-2008},
author={IEEE},
title={IEC/IEEE International Standard - Behavioural languages - Part 1-1: VHDL Language Reference Manual}, 
year={2011},  
pages={1-648}, 
doi={10.1109/IEEESTD.2011.5967868}, 
month={May}
}

@ARTICLE{IEEEVerilogLanguage,
journal={IEEE Std 1364-2005 (Revision of IEEE Std 1364-2001)},
author={IEEE},
title={IEEE Standard for Verilog Hardware Description Language}, 
year={2006}, 
pages={1-560}, 
doi={10.1109/IEEESTD.2006.99495}}

@ARTICLE{IEEESystemCLanguage, 
author={IEEE}, 
journal={IEEE Std 1666-2011 (Revision of IEEE Std 1666-2005)}, 
title={IEEE Standard for Standard SystemC Language Reference Manual}, 
year={2012}, 
volume={}, 
number={}, 
pages={1-638},
doi={10.1109/IEEESTD.2012.6134619}, 
ISSN={}, 
month={Jan}
}

@article{IEEEPSL,
author={IEEE},
journal={IEEE Std 1850-2010 (Revision of IEEE Std 1850-2005)}, 
title={IEEE Standard for Property Specification Language (PSL)}, 
year={2010}, 
pages={1-182},
doi={10.1109/IEEESTD.2010.5446004}, 
month={April}
}

@article{jin2001theoretical,
  title={A theoretical foundation for program transformations to reduce cache thrashing due to true data sharing},
  author={Jin, Guohua and Li, Zhiyuan and Chen, Fujie},
  journal={Theoretical computer science},
  volume={255},
  number={1-2},
  pages={449--481},
  year={2001},
  publisher={Elsevier}
}

@inproceedings{jain2010petri,
  title={Petri nets: an application in digital circuits.},
  author={Jain, Shruti and Naik, Pradeep K and Bhooshan, Sunil V},
  booktitle={ICWET},
  pages={1005},
  year={2010}
}

@inproceedings{kildall1973unified,
  title={A unified approach to global program optimization},
  author={Kildall, Gary A},
  booktitle={Proceedings of the 1st annual ACM SIGACT-SIGPLAN symposium on Principles of programming languages},
  pages={194--206},
  year={1973},
  organization={ACM}
}

@inproceedings{kim2006diverge,
  title={Diverge-merge processor (DMP): Dynamic predicated execution of complex control-flow graphs based on frequently executed paths},
  author={Kim, Hyesoon and Joao, Jose A and Mutlu, Onur and Patt, Yale N},
  booktitle={Proceedings of the 39th Annual IEEE/ACM International Symposium on Microarchitecture},
  pages={53--64},
  year={2006},
  organization={IEEE Computer Society}
}

@article{kitchenham2004procedures,
  title={Procedures for performing systematic reviews},
  author={Kitchenham, Barbara},
  journal={Keele, UK, Keele University},
  volume={33},
  number={2004},
  pages={1--26},
  year={2004}
}

@article{kitchenham2009systematic,
  title={Systematic literature reviews in software engineering--a systematic literature review},
  author={Kitchenham, Barbara and Brereton, O Pearl and Budgen, David and Turner, Mark and Bailey, John and Linkman, Stephen},
  journal={Information and software technology},
  volume={51},
  number={1},
  pages={7--15},
  year={2009},
  publisher={Elsevier}
}

@book{koscianski2007qualidade,
  title={Qualidade de Software - 2{\textordfeminine} Edi{\c{c}}{\~a}o: Aprenda as metodologias e t{\'e}cnicas mais modernas para o desenvolvimento de software},
  author={Koscianski, A. and dos Santos Soares, M.},
  isbn={9788575221129},
  url={https://books.google.com.br/books?id=O9aWoUq6L88C},
  year={2007},
  publisher={Novatec}
}

@book{kropf2013introduction,
  title={Introduction to Formal Hardware Verification},
  author={Kropf, T.},
  isbn={9783662038093},
  url={https://books.google.com.br/books?id=7ImrCAAAQBAJ},
  year={2013},
  publisher={Springer Berlin Heidelberg}
}

@book{knoop1994partial,
  title={Partial dead code elimination},
  author={Knoop, Jens and R{\"u}thing, Oliver and Steffen, Bernhard},
  volume={29},
  number={6},
  year={1994},
  publisher={ACM}
}

@article{larsen1997uppaal,
  title={UPPAAL in a nutshell},
  author={Larsen, Kim G and Pettersson, Paul and Yi, Wang},
  journal={International journal on software tools for technology transfer},
  volume={1},
  number={1-2},
  pages={134--152},
  year={1997},
  publisher={Springer}
}

@article{MafraTravassos,
  title={Estudos Primarios e Secundarios apoiando a busca por Evidencia em engenharia de Software},
  Author={Mafra, Somulo Nogueira and Travassos, Guilherme Horta},
  journal={Relatorio Tecnico, RT-ES},
  volume={687},
  number={06},
  year={2006}
}

@article{merz2012llbmc,
  title={LLBMC: Bounded model checking of C and C++ programs using a compiler IR},
  author={Merz, Florian and Falke, Stephan and Sinz, Carsten},
  journal={Verified Software: Theories, Tools, Experiments},
  pages={146--161},
  year={2012},
  publisher={Springer}
}

@inproceedings{mukherjee2016v2c,
  title={v2c--A Verilog to C Translator},
  author={Mukherjee, Rajdeep and Tautschnig, Michael and Kroening, Daniel},
  booktitle={International Conference on Tools and Algorithms for the Construction and Analysis of Systems},
  pages={580--586},
  year={2016},
  organization={Springer}
}

@inproceedings{mukherjee2016unbounded,
  title={Unbounded safety verification for hardware using software analyzers},
  author={Mukherjee, Rajdeep and Schrammel, Peter and Kroening, Daniel and Melham, Tom},
  booktitle={Proceedings of the 2016 Conference on Design, Automation \& Test in Europe},
  pages={1152--1155},
  year={2016},
  organization={EDA Consortium}
}

@article{murata1989petri,
  title={Petri nets: Properties, analysis and applications},
  author={Murata, Tadao},
  journal={Proceedings of the IEEE},
  volume={77},
  number={4},
  pages={541--580},
  year={1989},
  publisher={IEEE}
}

@book{paixao2007aprendendo,
  title={Aprendendo a raciocinar: l{\'o}gica para iniciantes},
  author={Paix{\~a}o, W.},
  isbn={9788577320523},
  url={https://books.google.com.br/books?id=YryRlQfJYHsC},
  year={2007},
  publisher={HUMANITAS}
}

@inproceedings{ramesh2012energy,
  title={Energy management in embedded systems: Towards a taxonomy},
  author={Ramesh, Umesh Balaji Kothandapani and Sentilles, Severine and Crnkovic, Ivica},
  booktitle={Proceedings of the First International Workshop on Green and Sustainable Software},
  pages={41--44},
  year={2012},
  organization={IEEE Press}
}

@article{rocha2015model,
  title={Model Checking Embedded C Software using k-Induction and Invariants (extended version)},
  author={Rocha, Herbert and Ismail, Hussama and Cordeiro, Lucas and Barreto, Raimundo},
  journal={arXiv preprint arXiv:1509.02471},
  year={2015}
}

@article{rocha2010exploiting,
  title={Exploiting safety properties in bounded model checking for test cases generation of C programs},
  author={Rocha, Herbert and Cordeiro, Lucas and Barreto, Raimundo and Netto, Jos{\'e}},
  year={2010}
}

@article{rocha2015verificaccao,
  title={Verificacao de sistemas de software baseada em transformacoes de codigo usando Bounded Model Checking},
  author={Rocha, Herbert Oliveira and others},
  year={2015},
  publisher={Universidade Federal do Amazonas}
}

@inproceedings{sargent2005verification,
  title={Verification and validation of simulation models},
  author={Sargent, Robert G},
  booktitle={Proceedings of the 37th conference on Winter simulation},
  pages={130--143},
  year={2005},
  organization={winter simulation conference}
}

@book{seger1992introduction,
  title={An introduction to formal hardware verification},
  author={Seger, Carl-Johan},
  year={1992},
  publisher={University of British Columbia, Department of Computer Science}
}

@book{sommerville2011engenharia,
  title={Engenharia de software},
  author={Sommerville, I.},
  isbn={9788579361081},
  url={https://books.google.com.br/books?id=H4u5ygAACAAJ},
  year={2011},
  publisher={PEARSON BRASIL}
}

@online{Sons,
author = {Jonh Wiley & Sons},
url = {http://onlinelibrary.wiley.com/},
year = {2018},
note = {Acessado em: 1 de março de 2018}
}

@online{Springer,
author = {Springer},
url = {https://link.springer.com/},
year = {2018},
note = {Acessado em: 1 de março de 2018}
}

@book{srikant2002compiler,
  title={The Compiler Design Handbook: Optimizations and Machine Code Generation},
  author={Srikant, Y.N. and Shankar, P.},
  isbn={9781420040579},
  lccn={2002067413},
  url={https://books.google.com.br/books?id=0K\_jIsgyNpoC},
  year={2002},
  publisher={CRC Press}
}

@article{standard2010language,
  title={Language reference manual},
  author={Standard, VHDL},
  journal={IEEE Std},
  pages={1076--2000},
  year={2000}
}

@book{souza2017logica,
  title={Lógica para Ciência da Computação},
  author={Souza, J.},
  isbn={9788535278255},
  url={https://books.google.com.br/books?id=Ds2sCQAAQBAJ},
  year={2017},
  publisher={Elsevier Brasil}
}

@inproceedings{travassos2008environment,
  title={An environment to support large scale experimentation in software engineering},
  author={Travassos, Guilherme H and dos Santos, Paulo S{\'e}rgio Medeiros and Mian, Paula Gomes and Neto, Arilo Cl{\'a}udio Dias and Biolchini, Jorge},
  booktitle={Engineering of Complex Computer Systems, 2008. ICECCS 2008. 13th IEEE International Conference on},
  pages={193--202},
  year={2008},
  organization={IEEE}
}

@book{thomas2008verilog,
  title={The Verilog{\textregistered} Hardware Description Language},
  author={Thomas, D. and Moorby, P.},
  isbn={9780387853444},
  url={https://books.google.com.br/books?id=DxQGrz7q-SwC},
  year={2008},
  publisher={Springer US}
}

@book{tocci2003sistemas,
  title={Sistemas digitais: princ{\'\i}pios e aplica{\c{c}}{\~o}es},
  author={Tocci, Ronald J and Widmer, Neal S and Moss, Gregory L},
  volume={8},
  year={2003},
  publisher={Prentice Hall}
}

@inproceedings{yang1997reverse,
  title={Reverse engineering and reusing Cobol programs: A program transformation approach},
  author={Yang, Hongji and Sun, Yong},
  booktitle={Proceedings of the 1st Irish conference on Formal Methods},
  pages={181--200},
  year={1997},
  organization={BCS Learning \& Development Ltd.}
}

@inproceedings{wong2010recent,
  title={Recent catastrophic accidents: Investigating how software was responsible},
  author={Wong, W Eric and Debroy, Vidroha and Surampudi, Adithya and Kim, HyeonJeong and Siok, Michael F},
  booktitle={Secure Software Integration and Reliability Improvement (SSIRI), 2010 Fourth International Conference on},
  pages={14--22},
  year={2010},
  organization={IEEE}
}
